<?xml version="1.0" encoding="UTF-8"?><collection xmlns="http://www.loc.gov/MARC21/slim"><record><leader>00416nam--2200157-i-4500</leader><controlfield tag="001">000008480</controlfield><controlfield tag="002">20161230</controlfield><controlfield tag="005">20170304205247</controlfield><controlfield tag="008">060222s1000------------r-----000-0-eng-d</controlfield><datafield ind1=" " ind2=" " tag="100"><subfield code="a">Cuculeanu, Vasile</subfield></datafield><datafield ind1=" " ind2=" " tag="245"><subfield code="a">Resonance neutron spectrum of reactor</subfield></datafield><datafield ind1=" " ind2=" " tag="260"><subfield code="a">Bucuresti</subfield><subfield code="b">Institutul De Fizica Atomica</subfield><subfield code="c">1968</subfield></datafield><datafield ind1=" " ind2=" " tag="300"><subfield code="a">10 p</subfield></datafield><datafield ind1=" " ind2=" " tag="700"><subfield code="a">Fratiloiu, Gh</subfield></datafield><datafield ind1=" " ind2=" " tag="852"><subfield code="a">621.039.512</subfield></datafield><datafield ind1=" " ind2=" " tag="CAT"><subfield code="a">SYS</subfield><subfield code="c">20170304</subfield><subfield code="h">205247</subfield></datafield></record></collection>